% jason tweet
@misc{Jason2023,
  author = {Jason},
  title = {{Tweet content}},
  year = {2023},
  note = {Twitter post. Retrieved from https://twitter.com/Jason/status/1736986300652433748},
  url = {https://twitter.com/Jason/status/1736986300652433748}
}

% collins
@phdthesis{collins1999head,
  author = {Michael Collins},
  title = {Head-Driven Statistical Models for Natural Language Parsing},
  school = {University of Pennsylvania},
  year = {1999},
  note = {PhD Dissertation}
}

@article{collins2003head,
  author = {Michael Collins},
  title = {Head-Driven Statistical Models for Natural Language Parsing},
  journal = {Computational Linguistics},
  volume = {29},
  number = {4},
  year = {2003},
  pages = {589--637},
  url = {https://aclanthology.org/J03-4003},
  doi = {10.1162/089120103322753356}
}

@inproceedings{collins2005clause,
  author = {Michael Collins and Philipp Koehn and Ivona Kucerova},
  title = {Clause Restructuring for Statistical Machine Translation},
  booktitle = {Proceedings of the 43rd Annual Meeting of the Association for Computational Linguistics (ACL 2005)},
  year = {2005},
  pages = {531--540},
  url = {https://aclanthology.org/P05-1066}
}

@inproceedings{collins2005discriminative,
  author = {Michael Collins and Terry Koo},
  title = {Discriminative Reranking for Natural Language Parsing},
  booktitle = {Computational Linguistics},
  volume = {31},
  number = {1},
  year = {2005},
  pages = {25--69},
  url = {https://aclanthology.org/J05-1003}
}

@inproceedings{collins2004incremental,
  author = {Michael Collins and Brian Roark},
  title = {Incremental Parsing with the Perceptron Algorithm},
  booktitle = {Proceedings of the 42nd Annual Meeting of the Association for Computational Linguistics (ACL 2004)},
  year = {2004},
  pages = {111--118},
  url = {https://aclanthology.org/P04-1015}
}

@inproceedings{collins1997three,
  title = {Three Generative, Lexicalised Models for Statistical Parsing},
  author = {Collins, Michael},
  booktitle = {35th Annual Meeting of the Association for Computational Linguistics and 8th Conference of the European Chapter of the Association for Computational Linguistics},
  year = {1997},
  address = {Madrid, Spain},
  pages = {16--23},
  url = {https://aclanthology.org/P97-1003},
  doi = {10.3115/976909.979620}
}

% charniak
@inproceedings{charniak1997statistical,
  title = {Statistical Parsing with a Context-Free Grammar and Word Statistics},
  author = {Charniak, Eugene},
  booktitle = {Proceedings of the Fourteenth National Conference on Artificial Intelligence (AAAI 1997)},
  year = {1997},
  address = {Providence, RI, USA},
  publisher = {AAAI Press/MIT Press},
  note = {Available online at: [URL of the paper if available online]}
}

% LLM papers

@article{bengio2003neural,
  title = {A Neural Probabilistic Language Model},
  author = {Bengio, Yoshua and Ducharme, RÃ©jean and Vincent, Pascal and Jauvin, Christian},
  journal = {Journal of Machine Learning Research},
  year = {2003},
  volume = {3},
  pages = {1137--1155},
  url = {http://www.jmlr.org/papers/volume3/bengio03a/bengio03a.pdf}
}

@article{sutskever2014sequence,
  title = {Sequence to Sequence Learning with Neural Networks},
  author = {Sutskever, Ilya and Vinyals, Oriol and Le, Quoc V.},
  journal = {Advances in Neural Information Processing Systems},
  year = {2014},
  volume = {27},
  url = {https://papers.nips.cc/paper/5346-sequence-to-sequence-learning-with-neural-networks.pdf}
}

@inproceedings{vaswani2017attention,
  title = {Attention Is All You Need},
  author = {Vaswani, Ashish and Shazeer, Noam and Parmar, Niki and Uszkoreit, Jakob and Jones, Llion and Gomez, Aidan N. and Kaiser, Lukasz and Polosukhin, Illia},
  booktitle = {Advances in Neural Information Processing Systems},
  year = {2017},
  volume = {30},
  url = {https://arxiv.org/abs/1706.03762}
}

@inproceedings{devlin2018bert,
  title = {BERT: Pre-training of Deep Bidirectional Transformers for Language Understanding},
  author = {Devlin, Jacob and Chang, Ming-Wei and Lee, Kenton and Toutanova, Kristina},
  booktitle = {Proceedings of the 2019 Conference of the North American Chapter of the Association for Computational Linguistics: Human Language Technologies},
  year = {2018},
  url = {https://aclanthology.org/N19-1423}
}

@article{radford2018improving,
  title = {Improving Language Understanding by Generative Pre-Training},
  author = {Radford, Alec and Narasimhan, Karthik and Salimans, Tim and Sutskever, Ilya},
  year = {2018},
  url = {https://s3-us-west-2.amazonaws.com/openai-assets/research-covers/language-unsupervised/language_understanding_paper.pdf}
}

@article{radford2019language,
  title = {Language Models are Unsupervised Multitask Learners},
  author = {Radford, Alec and Wu, Jeffrey and Child, Rewon and Luan, David and Amodei, Dario and Sutskever, Ilya},
  year = {2019},
  url = {https://cdn.openai.com/better-language-models/language_models_are_unsupervised_multitask_learners.pdf}
}

@article{brown2020language,
  title = {Language Models are Few-Shot Learners},
  author = {Brown, Tom B. and Mann, Benjamin and Ryder, Nick and Subbiah, Melanie and Kaplan, Jared and Dhariwal, Prafulla and Neelakantan, Arvind and Shyam, Pranav and Sastry, Girish and Askell, Amanda and others},
  journal = {Advances in Neural Information Processing Systems},
  year = {2020},
  volume = {33},
  pages = {1877--1901},
  url = {https://arxiv.org/abs/2005.14165}
}

@article{kaplan2020scaling,
  title = {Scaling Laws for Neural Language Models},
  author = {Kaplan, Jared and McCandlish, Sam and Henighan, Tom and Brown, Tom B. and Chess, Benjamin and Child, Rewon and Gray, Scott and Radford, Alec and Wu, Jeffrey and Amodei, Dario},
  journal = {arXiv preprint arXiv:2001.08361},
  year = {2020},
  url = {https://arxiv.org/abs/2001.08361}
}

% ccg
@book{steedman2000syntactic,
  title={The Syntactic Process},
  author={Steedman, Mark},
  year={2000},
  publisher={MIT Press},
  address={Cambridge, MA}
}

% markov models
@article{rabiner1986maximum,
  title={A maximum likelihood approach to continuous speech recognition},
  author={Rabiner, Lawrence R and Wilpon, Jay G and Juang, Biing-Hwang},
  journal={IEEE Transactions on Pattern Analysis and Machine Intelligence},
  number={2},
  pages={179--190},
  year={1986},
  publisher={IEEE}
}

@article{rabiner1989tutorial,
  title={A tutorial on hidden Markov models and selected applications in speech recognition},
  author={Rabiner, Lawrence R},
  journal={Proceedings of the IEEE},
  volume={77},
  number={2},
  pages={257--286},
  year={1989},
  publisher={IEEE}
}

@article{baum1966statistical,
  title={Statistical inference for probabilistic functions of finite state Markov chains},
  author={Baum, Leonard E and Petrie, Ted},
  journal={The annals of mathematical statistics},
  pages={1554--1563},
  year={1966},
  publisher={Institute of Mathematical Statistics}
}

% dependency parsing
@article{chen2014fast,
  title={A fast and accurate dependency parser using neural networks},
  author={Chen, Danqi and Manning, Christopher},
  journal={Proceedings of the 2014 Conference on Empirical Methods in Natural Language Processing (EMNLP)},
  pages={740--750},
  year={2014}
}

@inproceedings{mcdonald2005online,
  title={Online learning of approximate dependency parsing algorithms},
  author={McDonald, Ryan and Crammer, Koby and Pereira, Fernando},
  booktitle={Proceedings of the 11th Conference of the European Chapter of the Association for Computational Linguistics},
  year={2005}
}

@inproceedings{zhang2011transition,
  title={Transition-based dependency parsing with rich non-local features},
  author={Zhang, Yue and Nivre, Joakim},
  booktitle={Proceedings of the 49th Annual Meeting of the Association for Computational Linguistics: Human Language Technologies},
  pages={188--193},
  year={2011}
}

@inproceedings{eisner1996bilexical,
  title={Bilexical grammars and their cubic-time parsing algorithms},
  author={Eisner, Jason},
  booktitle={Advances in probabilistic and other parsing technologies},
  pages={29--62},
  year={2000},
  organization={Springer}
}

@inproceedings{mcdonald2005non,
  title={Non-projective dependency parsing using spanning tree algorithms},
  author={McDonald, Ryan and Pereira, Fernando and Ribarov, Kiril and Haji{\v{c}}, Jan},
  booktitle={Proceedings of the conference on Human Language Technology and Empirical Methods in Natural Language Processing},
  pages={523--530},
  year={2005}
}

@inproceedings{eisner1996three,
  title={Three new probabilistic models for dependency parsing: An exploration},
  author={Eisner, Jason},
  booktitle={Proceedings of the 16th conference on Computational linguistics-Volume 1},
  pages={340--345},
  year={1996},
  organization={Association for Computational Linguistics}
}

@inproceedings{kubler2006investigations,
  title={Investigations on treebank transformation-based learning},
  author={K{\"u}bler, Sandra and McDonald, Ryan and Nivre, Joakim},
  booktitle={Proceedings of the Human Language Technology Conference of the NAACL, Main Conference},
  pages={298--305},
  year={2006},
  organization={Association for Computational Linguistics}
}

@article{klein2004corpus,
  title={Corpus-based induction of syntactic structure: Models of dependency and constituency},
  author={Klein, Dan and Manning, Christopher D},
  journal={Proceedings of the 42nd Annual Meeting on Association for Computational Linguistics},
  pages={478},
  year={2004},
  organization={Association for Computational Linguistics}
}

@inproceedings{collins1999unsupervised,
  title={Unsupervised models for named entity classification},
  author={Collins, Michael and Singer, Yoram},
  booktitle={Proceedings of the joint SIGDAT conference on Empirical methods in natural language processing and very large corpora},
  pages={100--110},
  year={1999},
  organization={Association for Computational Linguistics}
}

@article{mcdonald2006online,
  title={Online large-margin training of dependency parsers},
  author={McDonald, Ryan and Pereira, Fernando and Ribarov, Kiril and Haji{\v{c}}, Jan},
  journal={Proceedings of the 21st International Conference on Computational Linguistics and the 44th annual meeting of the Association for Computational Linguistics},
  pages={91--98},
  year={2006},
  organization={Association for Computational Linguistics}
}

@inproceedings{eisner1996three,
  title={Three new probabilistic models for dependency parsing: An exploration},
  author={Eisner, Jason},
  booktitle={Proceedings of the 16th conference on Computational linguistics-Volume 1},
  pages={340--345},
  year={1996},
  organization={Association for Computational Linguistics}
}

@inproceedings{kubler2006investigations,
  title={Investigations on treebank transformation-based learning},
  author={K{\"u}bler, Sandra and McDonald, Ryan and Nivre, Joakim},
  booktitle={Proceedings of the Human Language Technology Conference of the NAACL, Main Conference},
  pages={298--305},
  year={2006},
  organization={Association for Computational Linguistics}
}

@article{klein2004corpus,
  title={Corpus-based induction of syntactic structure: Models of dependency and constituency},
  author={Klein, Dan and Manning, Christopher D},
  journal={Proceedings of the 42nd Annual Meeting on Association for Computational Linguistics},
  pages={478},
  year={2004},
  organization={Association for Computational Linguistics}
}

@inproceedings{collins1999unsupervised,
  title={Unsupervised models for named entity classification},
  author={Collins, Michael and Singer, Yoram},
  booktitle={Proceedings of the joint SIGDAT conference on Empirical methods in natural language processing and very large corpora},
  pages={100--110},
  year={1999},
  organization={Association for Computational Linguistics}
}

@article{mcdonald2006online,
  title={Online large-margin training of dependency parsers},
  author={McDonald, Ryan and Pereira, Fernando and Ribarov, Kiril and Haji{\v{c}}, Jan},
  journal={Proceedings of the 21st International Conference on Computational Linguistics and the 44th annual meeting of the Association for Computational Linguistics},
  pages={91--98},
  year={2006},
  organization={Association for Computational Linguistics}
}

@inproceedings{klein2004fast,
  title={Fast Exact Inference with a Factored Model for Natural Language Parsing},
  author={Klein, Dan and Manning, Christopher D.},
  booktitle={Advances in Neural Information Processing Systems},
  pages={3--10},
  year={2004}
}

@inproceedings{klein2002generative,
  title={A Generative Constituent-Context Model for Improved Grammar Induction},
  author={Klein, Dan and Manning, Christopher D.},
  booktitle={Proceedings of the 40th Annual Meeting of the Association for Computational Linguistics},
  pages={256--263},
  year={2002},
  organization={Association for Computational Linguistics}
}


% logic
@book{aristotle_organon,
  title = {Organon},
  author = {Aristotle},
  year = {384-322 BC},
  note = {Ancient texts, exact publication date unknown}
}

@book{frege_begriffsschrift,
  title = {Begriffsschrift, a Formula Language, Modeled Upon That of Arithmetic, for Pure Thought},
  author = {Gottlob Frege},
  year = {1879},
  publisher = {Friedrich Frommann Verlag (GÃ¼nther Holzboog)}
}

@article{montague_proper_treatment,
  title = {The Proper Treatment of Quantification in Ordinary English},
  author = {Richard Montague},
  journal = {Approaches to Natural Language},
  pages = {221--242},
  year = {1973},
  publisher = {Reidel}
}

% bayes nets
@book{koller2009probabilistic,
  title={Probabilistic Graphical Models: Principles and Techniques},
  author={Koller, Daphne and Friedman, Nir},
  year={2009},
  publisher={MIT Press}
}

@book{jensen2007bayesian,
  title={Bayesian Networks and Decision Graphs},
  author={Jensen, Finn V. and Nielsen, Thomas D.},
  year={2007},
  publisher={Springer Science & Business Media}
}

@book{korb2010bayesian,
  title={Bayesian Artificial Intelligence},
  author={Korb, Kevin B. and Nicholson, Ann E.},
  year={2010},
  publisher={CRC Press}
}

@book{bishop2006pattern,
  title={Pattern Recognition and Machine Learning},
  author={Bishop, Christopher M.},
  year={2006},
  publisher={Springer}
}

@article{pearl1988probabilistic,
  title={Probabilistic Reasoning in Intelligent Systems: Networks of Plausible Inference},
  author={Pearl, Judea},
  journal={Morgan Kaufmann},
  year={1988}
}

@article{lauritzen1988local,
  title={Local Computations with Probabilities on Graphical Structures and their Application to Expert Systems},
  author={Lauritzen, Steffen L. and Spiegelhalter, David J.},
  journal={Journal of the Royal Statistical Society. Series B (Methodological)},
  pages={157--224},
  year={1988},
  publisher={JSTOR}
}

% latent variable
@inproceedings{petrov2008sparse,
  title={Sparse Multi-Scale Grammars for Discriminative Latent Variable Parsing},
  author={Petrov, Slav and Klein, Dan},
  booktitle={Proceedings of the 2008 Conference on Empirical Methods in Natural Language Processing},
  pages={867--876},
  year={2008},
  organization={Association for Computational Linguistics},
  address={Honolulu, Hawaii}
}

@article{petrov2007improved,
  title={Improved Inference for Unlexicalized Parsing},
  author={Petrov, Slav and Klein, Dan},
  journal={Proceedings of the North American Chapter of the Association for Computational Linguistics: Human Language Technologies},
  pages={404--411},
  year={2007},
  publisher={Association for Computational Linguistics}
}

% semantic role labeling
@inproceedings{fitzgerald-etal-2015-semantic,
    title = "Semantic Role Labeling with Neural Network Factors",
    author = {FitzGerald, Nicholas  and
      T{\"a}ckstr{\"o}m, Oscar  and
      Ganchev, Kuzman  and
      Das, Dipanjan},
    editor = "M{\`a}rquez, Llu{\'\i}s  and
      Callison-Burch, Chris  and
      Su, Jian",
    booktitle = "Proceedings of the 2015 Conference on Empirical Methods in Natural Language Processing",
    month = sep,
    year = "2015",
    address = "Lisbon, Portugal",
    publisher = "Association for Computational Linguistics",
    url = "https://aclanthology.org/D15-1112",
    doi = "10.18653/v1/D15-1112",
    pages = "960--970",
}
